@ARTICLE( Jackson1980,
   AUTHOR = "K. R. Jackson and R. Sacks-Davis",
   TITLE  = "An Alternative Implementation of Variable Step-Size Multistep Formulas for Stiff ODEs",
   JOURNAL= "ACM Transactions on Mathematical Software",
   VOLUME = "6",
   NUMBER = "3",
   YEAR   = "1980",
   PAGES  = "295--318")

@ARTICLE( Brown1998,
   AUTHOR = "P. N. Brown and A. C. Hindmarsh and L. R. Petzold",
   TITLE  = "Consistent Initial Condition Calculation for Differential-Algebraic Systems",
   JOURNAL= "SIAM J. Sci. Comput.",
   VOLUME = "19",
   YEAR   = "1998",
   PAGES  = "1495--1512")

@unpublished{ BDF-FLC,
	Title = {SUNDIALS website},
	Note = {\texttt{http://sundials.wikidot.com/bdf-flc-derivation}},
	Month = {April},
	Year = {2007}
}

